<record><leader>00000cas a2200000 a 4500</leader><controlfield tag="001">32808533</controlfield><controlfield tag="008">950713d19461949fluwr ne      0    0eng c</controlfield><datafield ind1=" " ind2=" " tag="010"><subfield code="a">sn 95026095 </subfield></datafield><datafield ind1=" " ind2=" " tag="040"><subfield code="a">FUG</subfield><subfield code="b">eng</subfield><subfield code="c">FUG</subfield><subfield code="d">OCLCQ</subfield><subfield code="d">OCLCF</subfield><subfield code="d">OCLCO</subfield></datafield><datafield ind1=" " ind2=" " tag="012"><subfield code="i">9507</subfield></datafield><datafield ind1="1" ind2=" " tag="029"><subfield code="a">AU@</subfield><subfield code="b">000011868121</subfield></datafield><datafield ind1=" " ind2=" " tag="042"><subfield code="a">pcc</subfield></datafield><datafield ind1=" " ind2=" " tag="043"><subfield code="a">n-us-fl</subfield></datafield><datafield ind1="0" ind2="4" tag="245"><subfield code="a">The Leesburg commercial and ledger.</subfield></datafield><datafield ind1="3" ind2="0" tag="246"><subfield code="a">Leesburg commercial</subfield></datafield><datafield ind1=" " ind2=" " tag="260"><subfield code="a">Leesburg, Fla. :</subfield><subfield code="b">John H. Perry,</subfield><subfield code="c">1946-1949.</subfield></datafield><datafield ind1=" " ind2=" " tag="300"><subfield code="a">4 v.</subfield></datafield><datafield ind1=" " ind2=" " tag="310"><subfield code="a">Weekly</subfield></datafield><datafield ind1="0" ind2=" " tag="362"><subfield code="a">Vol. 69, no. 18 (May 3, 1946)-v. 72, no. 23 (June 2, 1949).</subfield></datafield><datafield ind1=" " ind2="0" tag="651"><subfield code="a">Leesburg (Fla.)</subfield><subfield code="v">Newspapers.</subfield></datafield><datafield ind1=" " ind2="0" tag="651"><subfield code="a">Lake County (Fla.)</subfield><subfield code="v">Newspapers.</subfield></datafield><datafield ind1=" " ind2="7" tag="655"><subfield code="a">Newspapers.</subfield><subfield code="2">fast</subfield><subfield code="0">(OCoLC)fst01423814</subfield></datafield><datafield ind1=" " ind2="7" tag="651"><subfield code="a">Florida</subfield><subfield code="z">Lake County.</subfield><subfield code="2">fast</subfield><subfield code="0">(OCoLC)fst01211152</subfield></datafield><datafield ind1=" " ind2="7" tag="651"><subfield code="a">Florida</subfield><subfield code="z">Leesburg.</subfield><subfield code="2">fast</subfield><subfield code="0">(OCoLC)fst01216269</subfield></datafield><datafield ind1=" " ind2=" " tag="752"><subfield code="a">United States</subfield><subfield code="b">Florida</subfield><subfield code="c">Lake</subfield><subfield code="d">Leesburg.</subfield></datafield><datafield ind1="0" ind2="4" tag="780"><subfield code="t">Leesburg commercial (Leesburg, Fla. : 1929)</subfield><subfield code="w">(DLC)sn 95026094</subfield><subfield code="w">(OCoLC)32808482</subfield></datafield><datafield ind1="0" ind2="4" tag="780"><subfield code="t">Leesburg ledger</subfield></datafield><datafield ind1="0" ind2="7" tag="785"><subfield code="t">Leesburg leader</subfield></datafield><datafield ind1="0" ind2="7" tag="785"><subfield code="t">Leesburg commercial ledger and leader</subfield><subfield code="w">(DLC)sn 95026096</subfield><subfield code="w">(OCoLC)32808554</subfield></datafield></record>